@inproceedings{huang2015approximate,
  title={Approximate MaxEnt Inverse Optimal Control and Its Application for Mental Simulation of Human Interactions.},
  author={Huang, De-An and Farahmand, Amir-massoud and Kitani, Kris M and Bagnell, James Andrew},
  booktitle={AAAI},
  volume={15},
  pages={29th},
  year={2015}
}

@article{pakes,
title = {Patents as Options: Some Estimates of the Value of Holding European Patent Stocks},
author = {Pakes, Ariel},
year = {1986},
journal = {Econometrica},
volume = {54},
number = {4},
pages = {755-84},
}

@article{miller,
  title={Job matching and occupational choice},
  author={Miller, Robert A},
  journal={Journal of Political Economy},
  volume={92},
  number={6},
  pages={1086--1120},
  year={1984},
  publisher={The University of Chicago Press}
}

@inproceedings{kitani2012activity,
  title={Activity forecasting},
  author={Kitani, Kris M and Ziebart, Brian D and Bagnell, James Andrew and Hebert, Martial},
  booktitle={European Conference on Computer Vision},
  pages={201--214},
  year={2012},
  organization={Springer}
}

@article{rust_non_id,
  title={Structural estimation of Markov decision processes},
  author={Rust, John},
  journal={Handbook of econometrics},
  volume={4},
  pages={3081--3143},
  year={1994},
  publisher={Elsevier}
}


@inproceedings{abbeel2004apprenticeship,
  title={Apprenticeship learning via inverse reinforcement learning},
  author={Abbeel, Pieter and Ng, Andrew Y},
  booktitle={Proceedings of the twenty-first international conference on Machine learning},
  pages={1},
  year={2004},
  organization={ACM}
}


@book{politis,
  title={Subsampling},
  author={Politis, D.N. and Romano, J.P. and Wolf, M.},
  isbn={9781461215547},
  lccn={99015017},
  series={Springer Series in Statistics},
  url={https://books.google.com/books?id=54zfBwAAQBAJ},
  year={2012},
  publisher={Springer New York}
}


@article{rust_theory,
  title={Maximum likelihood estimation of discrete control processes},
  author={Rust, John},
  journal={SIAM Journal on Control and Optimization},
  volume={26},
  number={5},
  pages={1006--1024},
  year={1988},
  publisher={SIAM}
}


@phdthesis{ziebart_phd,
  title={Modeling purposeful adaptive behavior with the principle of maximum causal entropy},
  author={Ziebart, Brian D},
  year={2010},
  school={Carnegie Mellon University}
}


@article{ziebart2,
  title={The principle of maximum causal entropy for estimating interacting processes},
  author={Ziebart, Brian D and Bagnell, J Andrew and Dey, Anind K},
  journal={IEEE Transactions on Information Theory},
  volume={59},
  number={4},
  pages={1966--1980},
  year={2013},
  publisher={IEEE}
}


@inproceedings{ziebart,
  title={Maximum Entropy Inverse Reinforcement Learning.},
  author={Ziebart, Brian D and Maas, Andrew L and Bagnell, J Andrew and Dey, Anind K},
  booktitle={AAAI},
  volume={8},
  pages={1433--1438},
  year={2008},
  organization={Chicago, IL, USA}
}




@article{miller_arc,
  title={Conditional choice probability estimation of dynamic discrete choice models with unobserved heterogeneity},
  author={Arcidiacono, Peter and Miller, Robert A},
  journal={Econometrica},
  volume={79},
  number={6},
  pages={1823--1867},
  year={2011},
  publisher={Wiley Online Library}
}


@article{neu,
  title={Apprenticeship learning using inverse reinforcement learning and gradient methods},
  author={Neu, Gergely and Szepesv{\'a}ri, Csaba},
  journal={arXiv preprint arXiv:1206.5264},
  year={2012}
}

@inproceedings{abbeel,
  title={Apprenticeship learning via inverse reinforcement learning},
  author={Abbeel, Pieter and Ng, Andrew Y},
  booktitle={Proceedings of the twenty-first international conference on Machine learning},
  pages={1},
  year={2004},
  organization={ACM}
}


@article{rust3,
  title={Maximum likelihood estimation of discrete control processes},
  author={Rust,John},
  journal={SIAM Journal on Control and Optimization},
  volume={26},
  number={5},
  pages={1006--1024},
  year={1988},
  publisher={SIAM}
}


@Article{rust_gmc,
  author={Rust, John},
  title={Optimal Replacement of GMC Bus Engines: An Empirical Model of Harold Zurcher},
  journal={Econometrica},
  year={1987},
  volume={55},  
  pages={999-1033},    
}



@InBook{rust2,
author={J. Rust},
editor={} ,
title={Estimation of Dynamic Structural Models, Problems and Prospects, Part I: Discrete Decision Processes},
series={Advances in Econometrics: Sixth World Congress, Vol. 2,C. Sims and J. Laffont(eds.) },
publisher={Cambridge: Cambridge University Press}, 
pages={119-170},
year={1994},
}
@article{arcidiacono,
  title={Practical methods for estimation of dynamic discrete choice models},
  author={Arcidiacono, Peter and Ellickson, Paul B},
  journal={Annu. Rev. Econ.},
  volume={3},
  number={1},
  pages={363--394},
  year={2011},
  publisher={Annual Reviews}
}


@article{hotz2,
  title={A simulation estimator for dynamic models of discrete choice},
  author={Hotz, V Joseph and Miller, Robert A and Sanders, Seth and Smith, Jeffrey},
  journal={The Review of Economic Studies},
  volume={61},
  number={2},
  pages={265--289},
  year={1994},
  publisher={Wiley-Blackwell}
}

@article{hotz,     
     title = {Conditional Choice Probabilities and the Estimation of Dynamic Models},
     author = {Hotz, V. J. and Miller, R. A.},
     journal = {Review of Economic Studies},     
     volume = {60},          
     pages = {497--529},          
     year = {1993},
}


@article{manski_path,
title = "Dynamic choice in social settings : Learning from the experiences of others",
journal = "Journal of Econometrics",
volume = "58",
number = "1-2",
pages = "121 - 136",
year = "1993",
author = "Manski, C.F."
}

@Article{magnac,
  author={T. Magnac and D. Thesmar},
  title={Identifying Dynamic Discrete Decision Processes},
  journal={Econometrica},
  year=2002,
  volume={70},
  pages={801-816},
  month={March},
}

@article{pese,
    author = "M. Pesendorfer and P. Schmidt--Dengler",
    year = "2008",
    title = "Asymptotic Least Squares Estimators for Dynamic Games",
    journal = "Review of Economic Studies", 
    volume = " 75",    
    pages = "901--928"
}
@article{bajari,
  title={Nonparametric and semiparametric analysis of a dynamic discrete game},
  author={Bajari, Patrick and Chernozhukov, Victor and Hong, Han and Nekipelov, Denis},
  journal={Unpublished manuscript, Dep. Econ., Univ. Minn., Minneapolis},
  year={2009}
}

@article{Ross2011,
archivePrefix = {arXiv},
arxivId = {arXiv:1011.0686v3},
author = {Ross, Stephane and Gordon, Geoffrey J and Bagnell, J Andrew},
eprint = {arXiv:1011.0686v3},
file = {:Users/mbarnes1/Documents/Mendeley Desktop/Ross, Gordon, Bagnell/Ross, Gordon, Bagnell{\_}2011{\_}A Reduction of Imitation Learning and Structured Prediction to No-Regret Online Learning.pdf:pdf},
issn = {{\textless}null{\textgreater}},
journal = {Aistats},
mendeley-groups = {RL and IL/Robotics,RL and IL/Imitation learning,2017 read list},
pages = {627--635},
title = {{A Reduction of Imitation Learning and Structured Prediction to No-Regret Online Learning}},
url = {http://arxiv.org/abs/1011.0686},
volume = {15},
year = {2011}
}

@article{Levine2013,
archivePrefix = {arXiv},
arxivId = {arXiv:1501.05611v1},
author = {Levine, Sergey and Koltun, Vladlen},
doi = {10.1109/ICRA.2015.7138994},
eprint = {arXiv:1501.05611v1},
isbn = {9781479969227},
journal = {Proceedings of the 30th International Conference on Machine Learning},
mendeley-groups = {RL and IL,RL and IL/Policy search RL},
pages = {1--9},
title = {{Guided Policy Search}},
url = {http://jmlr.org/proceedings/papers/v28/levine13.html},
volume = {28},
year = {2013}
}

@article{Ross2014,
  title={Reinforcement and imitation learning via interactive no-regret learning},
  author={Ross, Stephane and Bagnell, J Andrew},
  journal={arXiv preprint arXiv:1406.5979},
  year={2014}
}

@article{Sun2017,
  title={Deeply AggreVaTeD: Differentiable Imitation Learning for Sequential Prediction},
  author={Sun, Wen and Venkatraman, Arun and Gordon, Geoffrey J and Boots, Byron and Bagnell, J Andrew},
  journal={arXiv preprint arXiv:1703.01030},
  year={2017}
}

@article{Ng2000,
archivePrefix = {arXiv},
arxivId = {arXiv:1011.1669v3},
author = {Ng, Andrew and Russell, Stuart},
doi = {10.2460/ajvr.67.2.323},
eprint = {arXiv:1011.1669v3},
file = {:Users/mbarnes1/Documents/Mendeley Desktop/Ng, Russell/Ng, Russell{\_}2000{\_}Algorithms for inverse reinforcement learning.pdf:pdf},
isbn = {1-55860-707-2},
issn = {00029645},
journal = {Proceedings of the Seventeenth International Conference on Machine Learning},
mendeley-groups = {RL and IL,2017 read list,RL and IL/Imitation learning},
pages = {663--670},
pmid = {16454640},
title = {{Algorithms for inverse reinforcement learning}},
url = {http://www-cs.stanford.edu/people/ang/papers/icml00-irl.pdf},
volume = {0},
year = {2000}
}

@book{Sutton2017,
author = {Sutton, Richard S. and Barto, Andrew G.},
edition = {2},
publisher = {MIT Press},
title = {{Reinforcement Learning}},
year = {2017}
}

@article{Ratliff2006,
author = {Ratliff, Nathan D. and Bagnell, J. Andrew and Zinkevich, Martin A.},
doi = {10.1145/1143844.1143936},
file = {:Users/mbarnes1/Documents/Mendeley Desktop/Ratliff, Bagnell, Zinkevich/Ratliff, Bagnell, Zinkevich{\_}2006{\_}Maximum margin planning.pdf:pdf},
isbn = {1595933832},
issn = {17458358},
journal = {Proceedings of the 23rd International Conference on Machine Learning (ICML)},
pages = {729--736},
pmid = {17914344},
title = {{Maximum margin planning}},
url = {http://portal.acm.org/citation.cfm?doid=1143844.1143936},
year = {2006}
}

@book{ziebart2010modeling,
  title={Modeling purposeful adaptive behavior with the principle of maximum causal entropy},
  author={Ziebart, Brian D},
  year={2010},
  publisher={Carnegie Mellon University}
}

@article{wulfmeier2015maximum,
  title={Maximum entropy deep inverse reinforcement learning},
  author={Wulfmeier, Markus and Ondruska, Peter and Posner, Ingmar},
  journal={arXiv preprint arXiv:1507.04888},
  year={2015}
}

@article{mombaur2009identifying,
  title={Identifying the objectives of human path generation},
  author={Mombaur, K and Truong, A and Laumond, J-P},
  journal={Computer Methods in Biomechanics and Biomedical Engineering},
  volume={12},
  number={S1},
  pages={189--191},
  year={2009},
  publisher={Taylor \& Francis Group}
}

@inproceedings{levine2011nonlinear,
  title={Nonlinear inverse reinforcement learning with gaussian processes},
  author={Levine, Sergey and Popovic, Zoran and Koltun, Vladlen},
  booktitle={Advances in Neural Information Processing Systems},
  pages={19--27},
  year={2011}
}

@article{kingma2014adam,
  title={Adam: A method for stochastic optimization},
  author={Kingma, Diederik and Ba, Jimmy},
  journal={arXiv preprint arXiv:1412.6980},
  year={2014}
}

@inproceedings{finn2016guided,
  title={Guided cost learning: Deep inverse optimal control via policy optimization},
  author={Finn, Chelsea and Levine, Sergey and Abbeel, Pieter},
  booktitle={International Conference on Machine Learning},
  pages={49--58},
  year={2016}
}

@article{levine2012continuous,
  title={Continuous inverse optimal control with locally optimal examples},
  author={Levine, Sergey and Koltun, Vladlen},
  journal={arXiv preprint arXiv:1206.4617},
  year={2012}
}

@article{su2012constrained,
  title={Constrained optimization approaches to estimation of structural models},
  author={Su, Che-Lin and Judd, Kenneth L},
  journal={Econometrica},
  volume={80},
  number={5},
  pages={2213--2230},
  year={2012},
  publisher={Wiley Online Library}
}

@article{aguirregabiria2002swapping,
  title={Swapping the nested fixed point algorithm: A class of estimators for discrete Markov decision models},
  author={Aguirregabiria, Victor and Mira, Pedro},
  journal={Econometrica},
  volume={70},
  number={4},
  pages={1519--1543},
  year={2002},
  publisher={Wiley Online Library}
}

@inproceedings{todorov2007linearly,
  title={Linearly-solvable Markov decision problems},
  author={Todorov, Emanuel},
  booktitle={Advances in neural information processing systems},
  pages={1369--1376},
  year={2007}
}

@inproceedings{dvijotham2010inverse,
  title={Inverse optimal control with linearly-solvable MDPs},
  author={Dvijotham, Krishnamurthy and Todorov, Emanuel},
  booktitle={Proceedings of the 27th International Conference on Machine Learning (ICML-10)},
  pages={335--342},
  year={2010}
}

@inproceedings{kalakrishnan2013learning,
  title={Learning objective functions for manipulation},
  author={Kalakrishnan, Mrinal and Pastor, Peter and Righetti, Ludovic and Schaal, Stefan},
  booktitle={Robotics and Automation (ICRA), 2013 IEEE International Conference on},
  pages={1331--1336},
  year={2013},
  organization={IEEE}
}

@incollection{amin2017repeated,
title = {Repeated Inverse Reinforcement Learning},
author = {Amin, Kareem and Jiang, Nan and Singh, Satinder},
booktitle = {Advances in Neural Information Processing Systems 30},
pages = {1813--1822},
year = {2017},
publisher = {Curran Associates, Inc.},
}

@article{mcfadden1973conditional,
  title={Conditional logit analysis of qualitative choice behavior},
  author={McFadden, Daniel and others},
  year={1973},
  publisher={Institute of Urban and Regional Development, University of California}
}